<record><leader>00000cas a2200000 a 4500</leader><controlfield tag="001">11663264</controlfield><controlfield tag="008">850206d18841894ksuwr ne      0   a0eng d</controlfield><datafield ind1=" " ind2=" " tag="010"><subfield code="a">sn 85029031 </subfield></datafield><datafield ind1=" " ind2=" " tag="040"><subfield code="a">KSH</subfield><subfield code="b">eng</subfield><subfield code="c">KSH</subfield><subfield code="d">NPT</subfield><subfield code="d">OCL</subfield><subfield code="d">OCLCQ</subfield></datafield><datafield ind1=" " ind2=" " tag="042"><subfield code="a">msc</subfield></datafield><datafield ind1="0" ind2="4" tag="245"><subfield code="a">The Holton weekly recorder.</subfield></datafield><datafield ind1="3" ind2="0" tag="246"><subfield code="a">Holton daily recorder</subfield><subfield code="f">Mar. 19-23, 1886</subfield></datafield><datafield ind1=" " ind2=" " tag="260"><subfield code="a">Holton, Kan. :</subfield><subfield code="b">M.M. Beck,</subfield><subfield code="c">1884-1894.</subfield></datafield><datafield ind1=" " ind2=" " tag="300"><subfield code="a">10 v. :</subfield><subfield code="b">ill. ;</subfield><subfield code="c">54-60 cm.</subfield></datafield><datafield ind1=" " ind2=" " tag="310"><subfield code="a">Weekly</subfield></datafield><datafield ind1="0" ind2=" " tag="362"><subfield code="a">Vol. 17, no. 1 (Mar. 27, 1884)-v. 27, no. 7 (Apr. 26, 1894).</subfield></datafield><datafield ind1=" " ind2=" " tag="500"><subfield code="a">Published daily during the 31st session of the Kansas annual conference of the Methodist Episcopal church as: Holton daily recorder, Mar. 19-23, 1886.</subfield></datafield><datafield ind1=" " ind2=" " tag="500"><subfield code="a">Extra edition published Dec. 23, 1887.</subfield></datafield><datafield ind1=" " ind2=" " tag="500"><subfield code="a">"Republican." Cf. Ayer, 1894.</subfield></datafield><datafield ind1=" " ind2=" " tag="525"><subfield code="a">Includes supplements.</subfield></datafield><datafield ind1=" " ind2=" " tag="525"><subfield code="a">Issue for Oct. 22, 1891 has supplement called: League bulletin.</subfield></datafield><datafield ind1=" " ind2=" " tag="752"><subfield code="a">United States</subfield><subfield code="b">Kansas</subfield><subfield code="c">Jackson</subfield><subfield code="d">Holton.</subfield></datafield><datafield ind1="0" ind2="0" tag="780"><subfield code="t">Holton recorder (Holton, Kan. : 1877)</subfield><subfield code="w">(DLC)sn 85029030</subfield></datafield><datafield ind1="0" ind2="0" tag="785"><subfield code="t">Holton recorder (Holton, Kan. : 1894)</subfield><subfield code="w">(DLC)sn 85029033</subfield></datafield></record>